
@article{VanRaden,
  title={A general purpose approximation to restricted maximum likelihood: the tilde-hat approach},
  author={VanRaden, PM and Jung, YC},
  journal={Journal of Dairy Science},
  volume={71},
  number={1},
  pages={187--194},
  year={1988},
  publisher={Elsevier}
}

@article{Schaeffer,
  title={Pseudo expectation approach to variance component estimation},
  author={Schaeffer, LR},
  journal={Journal of Dairy Science},
  volume={69},
  number={11},
  pages={2884--2889},
  year={1986},
  publisher={Elsevier}
}

@book{StatLearn,
  title={The Elements of Statistical Learning - Data Mining, Inference, and Prediction},
  author={Trevor Hastie, Robert Tibshirani, Jerome Friedman},
  journal={Springer Series in Statistics},
  year={2001},
  publisher={Springer},
  address   = {New York}
}

@book{Searl71,
  title={Linear Models},
  author={S. R. Searl},
  journal={Wiley Series in Probability and Mathematical Statistics},
  year={1971},
  pages = {65},
  publisher={John Wiley and Sons, Inc.},
  address   = {New York}
}

@article{RKHS2010,
  title={Semi-parametric genomic-enabled prediction of genetic values using reproducing kernel Hilbert spaces methods},
  author={de Los Campos, Gustavo and Gianola, Daniel and Rosa, Guilherme JM and Weigel, Kent A and Crossa, Jos{\'e}},
  journal={Genetics Research},
  volume={92},
  number={4},
  pages={295--308},
  year={2010},
  publisher={Cambridge University Press}
}


@Article{WGR2013,
  title = {Whole-genome regression and prediction methods applied to plant and animal breeding},
  author = {Gustavo {de los Campos} and John M Hickey and Ricardo Pong-Wong and Hans D Daetwyler and Mario PL Calus},
  journal = {Genetics},
  volume = {193},
  number = {2},
  pages = {327--345},
  year = {2013},
  publisher = {Genetics Soc America},
}

@Article{Hickey2017,
  title = {Genomic prediction unifies animal and plant breeding programs to form platforms for biological discovery},
  author = {John M Hickey and Tinashe Chiurugwi and Ian Mackay and Wayne Powell and Andre Eggen and Andrzej Kilian and Chris Jones and Claudia Canales and Dario Grattapaglia and Filippo Bassi and {others}},
  journal = {Nature genetics},
  volume = {49},
  number = {9},
  pages = {1297--1303},
  year = {2017},
  publisher = {Nature Publishing Group},
}

@Article{Meuwissen2001,
  title = {Prediction of total genetic value using genome-wide dense marker maps},
  author = {Meuwissen, T H E and Hayes, B J and Goddard, M E},
  journal = {Genetics},
  volume = {157},
  number = {4},
  pages = {1819--1829},
  year = {2001},
  publisher = {Genetics Soc America},
}

@article{Calus2011,
  title={Accuracy of multi-trait genomic selection using different methods},
  author={Calus, Mario PL and Veerkamp, Roel F},
  journal={Genetics Selection Evolution},
  volume={43},
  number={1},
  pages={1--14},
  year={2011},
  publisher={Springer}
}

@article{yi2012,
  title={Multiple-trait genomic selection methods increase genetic value prediction accuracy},
  author={Jia, Yi and Jannink, Jean-Luc},
  journal={Genetics},
  volume={192},
  number={4},
  pages={1513--1522},
  year={2012},
  publisher={Oxford University Press}
}

@article{Meyer1985,
  title={Maximum likelihood estimation of variance components for a multivariate mixed model with equal design matrices},
  author={Meyer, KARIN},
  journal={Biometrics},
  pages={153--165},
  year={1985},
  publisher={JSTOR}
}

@article{TS1990,
  title={Pedigree analysis for quantitative traits: variance components without matrix inversion},
  author={Thompson, EA and Shaw, RG},
  journal={Biometrics},
  pages={399--413},
  year={1990},
  publisher={JSTOR}
}

@article{LL2010,
  title={Randomized methods for linear constraints: convergence rates and conditioning},
  author={Leventhal, Dennis and Lewis, Adrian S},
  journal={Mathematics of Operations Research},
  volume={35},
  number={3},
  pages={641--654},
  year={2010},
  publisher={INFORMS}
}

@article{Ma2015,
  title={Convergence properties of the randomized extended Gauss--Seidel and Kaczmarz methods},
  author={Ma, Anna and Needell, Deanna and Ramdas, Aaditya},
  journal={SIAM Journal on Matrix Analysis and Applications},
  volume={36},
  number={4},
  pages={1590--1604},
  year={2015},
  publisher={SIAM}
}

@article{CunninghamHenderson1968,
  title={An iterative procedure for estimating fixed effects and variance components in mixed model situations},
  author={Cunningham, EP and Henderson, Charles R},
  journal={Biometrics},
  pages={13--25},
  year={1968},
  publisher={JSTOR}
}

@article{Thompson1969,
  title={Iterative estimation of variance components for non-orthogonal data},
  author={Thompson, Robin},
  journal={Biometrics},
  pages={767--773},
  year={1969},
  publisher={JSTOR}
}

@article{Henderson1980,
  title={A simple method for unbiased estimation of variance components in the mixed model},
  author={Henderson, CR},
  journal={J. Anim. Sci},
  volume={51},
  number={Suppl 1},
  pages={119},
  year={1980}
}

@article{GSRU,
  title={Computing strategies in genome-wide selection},
  author={Legarra, Andres and Misztal, I},
  journal={Journal of dairy science},
  volume={91},
  number={1},
  pages={360--366},
  year={2008},
  publisher={Elsevier}
}

@article{bend0,
  title={Modification of estimates of parameters in the construction of genetic selection indices ('bending')},
  author={Hayes, JF and Hill, WG},
  journal={Biometrics},
  pages={483--493},
  year={1981},
  publisher={JSTOR}
}

@Article{bWGR,
    title = {bWGR: Bayesian whole-genome regression},
    author = {Alencar Xavier and William Muir and Katy Rainey},
    journal = {Bioinformatics},
    volume = {36},
    number = {6},
    year = {2019},
    pages = {1957-1959},
    doi = {10.1093/bioinformatics/btz794},
 }

@article{GBLUP,
  title={The impact of genetic relationship information on genome-assisted breeding values},
  author={Habier, D and Fernando, RL and Dekkers, Jack CM},
  journal={Genetics},
  volume={177},
  number={4},
  pages={2389--2397},
  year={2007},
  publisher={Genetics Soc America}
}

@article{AIREML,
  title={Restricted maximum likelihood estimation of variance components for univariate animal models using sparse matrix techniques and average information},
  author={Johnson, DL and Thompson, Robin},
  journal={Journal of dairy science},
  volume={78},
  number={2},
  pages={449--456},
  year={1995},
  publisher={Elsevier}
}

@Article{asreml,
  title = {ASReml user guide release 4.1 structural specification},
  author = {AR Gilmour and BJ Gogel and BR Cullis and R Thompson and D Butler and M Cherry and D Collins and G Dutkowski and SA Harding and K Haskard and {others}},
  journal = {VSN Int Ltd},
  year = {2015},
}

@article{Pocrnic2016,
  title={Dimensionality of genomic information and performance of the Algorithm for Proven and Young for different livestock species},
  author={Pocrnic, Ivan and Lourenco, Daniela AL and Masuda, Yutaka and Misztal, Ignacy},
  journal={Genetics Selection Evolution},
  volume={48},
  number={1},
  pages={1--9},
  year={2016},
  publisher={BioMed Central}
}

@inproceedings{BLUPF90,
  title={BLUPF90 and related programs (BGF90)},
  author={Misztal, I and Tsuruta, S and Strabel, T and Auvray, B and Druet, Tom and Lee, DH and others},
  booktitle={Proceedings of the 7th world congress on genetics applied to livestock production},
  volume={28},
  number={07},
  year={2002},
  organization={Montpellier}
}

@article{YAMS,
  title={Application of supernodal sparse factorization and inversion to the estimation of (co) variance components by residual maximum likelihood},
  author={Masuda, Y and Baba, T and Suzuki, M},
  journal={Journal of animal breeding and genetics},
  volume={131},
  number={3},
  pages={227--236},
  year={2014},
  publisher={Wiley Online Library}
}

@article{WheatData1,
  title={Prediction of genetic values of quantitative traits in plant breeding using pedigree and molecular markers},
  author={Crossa, Jos{\'e} and Campos, Gustavo de los and P{\'e}rez, Paulino and Gianola, Daniel and Burgueno, Juan and Araus, Jos{\'e} Luis and Makumbi, Dan and Singh, Ravi P and Dreisigacker, Susanne and Yan, Jianbing and others},
  journal={Genetics},
  volume={186},
  number={2},
  pages={713--724},
  year={2010},
  publisher={Oxford University Press}
}

@article{WheatData2,
  title={Predicting complex quantitative traits with Bayesian neural networks: a case study with Jersey cows and wheat},
  author={Gianola, Daniel and Okut, Hayrettin and Weigel, Kent A and Rosa, Guilherme JM},
  journal={BMC genetics},
  volume={12},
  number={1},
  pages={1--14},
  year={2011},
  publisher={Springer}
}

@article{WheatData3,
  title={Inferring trait-specific similarity among individuals from molecular markers and phenotypes with Bayesian regression},
  author={Gianola, Daniel and Fernando, Rohan L and Sch{\"o}n, Chris-Carolin},
  journal={Theoretical Population Biology},
  volume={132},
  pages={47--59},
  year={2020},
  publisher={Elsevier}
}

@article{WheatData4,
  title={A multiple-trait Bayesian Lasso for genome-enabled analysis and prediction of complex traits},
  author={Gianola, Daniel and Fernando, Rohan L},
  journal={Genetics},
  volume={214},
  number={2},
  pages={305--331},
  year={2020},
  publisher={Oxford University Press}
}

@article{soynam1,
  title={Genome-wide analysis of grain yield stability and environmental interactions in a multiparental soybean population},
  author={Xavier, Alencar and Jarquin, Diego and Howard, Reka and Ramasubramanian, Vishnu and Specht, James E and Graef, George L and Beavis, William D and Diers, Brian W and Song, Qijian and Cregan, Perry B and others},
  journal={G3: Genes, Genomes, Genetics},
  volume={8},
  number={2},
  pages={519--529},
  year={2018},
  publisher={Oxford University Press}
}

@article{soynam2,
  title={Genetic architecture of soybean yield and agronomic traits},
  author={Diers, Brian W and Specht, Jim and Rainey, Katy Martin and Cregan, Perry and Song, Qijian and Ramasubramanian, Vishnu and Graef, George and Nelson, Randall and Schapaugh, William and Wang, Dechun and others},
  journal={G3: Genes, Genomes, Genetics},
  volume={8},
  number={10},
  pages={3367--3375},
  year={2018},
  publisher={Oxford University Press}
}

@article{soynam3,
  title={Assessing predictive properties of genome-wide selection in soybeans},
  author={Xavier, Alencar and Muir, William M and Rainey, Katy Martin},
  journal={G3: Genes, Genomes, Genetics},
  volume={6},
  number={8},
  pages={2611--2616},
  year={2016},
  publisher={Oxford University Press}
}

@article{soynam4,
  title={Efficient estimation of marker effects in plant breeding},
  author={Xavier, Alencar},
  journal={G3: Genes, Genomes, Genetics},
  volume={9},
  number={11},
  pages={3855--3866},
  year={2019},
  publisher={Oxford University Press}
}

@article{Xavier2021,
  title={Technical nuances of machine learning: implementation and validation of supervised methods for genomic prediction in plant breeding},
  author={Xavier, Alencar},
  journal={Crop Breeding and Applied Biotechnology},
  volume={21},
  year={2021},
  publisher={SciELO Brasil}
}

@article{DArT,
  title={Characterization of wheat DArT markers: genetic and functional features},
  author={Marone, Daniela and Panio, Giosu{\`e} and Ficco, Donatella and Russo, Maria A and De Vita, Pasquale and Papa, Roberto and Rubiales, Diego and Cattivelli, Luigi and Mastrangelo, Anna M},
  journal={Molecular genetics and genomics},
  volume={287},
  number={9},
  pages={741--753},
  year={2012},
  publisher={Springer}
}

@article{Rincent2017,
  title={Predicting genomic selection efficiency to optimize calibration set and to assess prediction accuracy in highly structured populations},
  author={Rincent, Renaud and Charcosset, Alain and Moreau, Laurence},
  journal={Theoretical and Applied Genetics},
  volume={130},
  number={11},
  pages={2231--2247},
  year={2017},
  publisher={Springer}
}

@misc{HabierOpt2013,
  title={Improved Molecular Breeding Methods},
  author={Habier, D},
  url={https://patents.google.com/patent/WO2015100236A1/en},
  year={1988},
  publisher={Google Patents},
  note={WO2015100236A1}
}

@Article{Xu2013,
  title = {Mapping quantitative trait loci by controlling polygenic background effects},
  author = {Shizhong Xu},
  journal = {Genetics},
  volume = {195},
  number = {4},
  pages = {1209--1222},
  year = {2013},
  publisher = {Genetics Soc America},
}

@article{Kernel2021,
  title={A guide for kernel generalized regression methods for genomic-enabled prediction},
  author={Montesinos-L{\'o}pez, Abelardo and Montesinos-L{\'o}pez, Osval Antonio and Montesinos-L{\'o}pez, Jos{\'e} Cricelio and Flores-Cortes, Carlos Alberto and de la Rosa, Roberto and Crossa, Jos{\'e}},
  journal={Heredity},
  volume={126},
  number={4},
  pages={577--596},
  year={2021},
  publisher={Nature Publishing Group}
}

@article{TwoStage1,
  title={Comparison of weighting in two-stage analysis of plant breeding trials},
  author={M{\"o}hring, J and Piepho, H-P},
  journal={Crop Science},
  volume={49},
  number={6},
  pages={1977--1988},
  year={2009},
  publisher={Wiley Online Library}
}

@article{TwoStage2,
  title={A stage-wise approach for the analysis of multi-environment trials},
  author={Piepho, Hans-Peter and M{\"o}hring, Jens and Schulz-Streeck, Torben and Ogutu, Joseph O},
  journal={Biometrical Journal},
  volume={54},
  number={6},
  pages={844--860},
  year={2012},
  publisher={Wiley Online Library}
}

@incollection{Searle1992,
  author	= {Searle, Shayle R and Casella, George and McCulloch, Charles E},
  booktitle	= {Variance Components},
  doi	= {10.1002/9780470316856.ch7},
  isbn	= {9780470316856},
  pages	= {367--377},
  publisher	= {John Wiley and Sons, Inc.},
  title	= {Prediction of Random Variables},
  year	= {1992},
  address   = {New York}
}

@incollection{Searle1992BLUP,
  author	= {Searle, Shayle R and Casella, George and McCulloch, Charles E},
  booktitle	= {Variance Components},
  doi	= {10.1002/9780470316856.ch7},
  isbn	= {9780470316856},
  pages	= {269--277},
  publisher	= {John Wiley and Sons, Inc.},
  title	= {Mixed Model Prediction (BLUP)},
  address   = {New York},
  year	= {1992}
}

@article{Ouweltjes1988,
  title={Sensitivity of methods of variance component estimation to culling type of selection},
  author={Ouweltjes, W and Schaeffer, LR and Kennedy, BW},
  journal={Journal of Dairy Science},
  volume={71},
  number={3},
  pages={773--779},
  year={1988},
  publisher={Elsevier}
}

@article{MeyerXFA,
  title={Factor-analytic models for genotype$\times$ environment type problems and structured covariance matrices},
  author={Meyer, Karin},
  journal={Genetics Selection Evolution},
  volume={41},
  number={1},
  pages={1--11},
  year={2009},
  publisher={BioMed Central}
}

@article{ICE,
  title={A fast algorithm for BayesB type of prediction of genome-wide estimates of genetic value},
  author={Meuwissen, Theo HE and Solberg, Trygve R and Shepherd, Ross and Woolliams, John A},
  journal={Genetics Selection Evolution},
  volume={41},
  number={1},
  pages={1--10},
  year={2009},
  publisher={BioMed Central}
}

@article{svd2018,
  title={Large-scale genomic prediction using singular value decomposition of the genotype matrix},
  author={{\O}deg{\aa}rd, J{\o}rgen and Indahl, Ulf and Strand{\'e}n, Ismo and Meuwissen, Theo HE},
  journal={Genetics Selection Evolution},
  volume={50},
  number={1},
  pages={1--12},
  year={2018},
  publisher={BioMed Central}
}
